@electronic{ExtendedEuclidean,
	title     = "5.1.2 Herramientas Matem√°ticas - Algoritmo de Euclides Extendido ",
	url       = "http://redyseguridad.fi-p.unam.mx/proyectos/criptografia/criptografia/index.php/5-criptografia-asimetrica-o-de-clave-publica/51-introduccion-a-la-criptografia-asimetrica/512-herramientas-matematicas?showall&start=5",
	author = "Laboratorio de Redes y Seguridad"
}
@electronic{hill,
	title     = "Hill Cipher",
	url       = "http://practicalcryptography.com/ciphers/hill-cipher/"
}
